@article{Carter:1968rr,
      author         = "Carter, Brandon",
      title          = "{Global structure of the Kerr family of gravitational
                        fields}",
      journal        = "Phys. Rev.",
      volume         = "174",
      year           = "1968",
      pages          = "1559-1571",
      doi            = "10.1103/PhysRev.174.1559",
      SLACcitation   = "%%CITATION = PHRVA,174,1559;%%"
}

@article{Reina:1975rt,
      author         = "Reina, C. and Treves, A.",
      title          = "{Gyromagnetic ratio of Einstein-Maxwell fields}",
      journal        = "Phys. Rev.",
      volume         = "D11",
      year           = "1975",
      pages          = "3031-3032",
      doi            = "10.1103/PhysRevD.11.3031",
      SLACcitation   = "%%CITATION = PHRVA,D11,3031;%%"
}

@article{Sen:1992ua,
      author         = "Sen, Ashoke",
      title          = "{Rotating charged black hole solution in heterotic string
                        theory}",
      journal        = "Phys. Rev. Lett.",
      volume         = "69",
      year           = "1992",
      pages          = "1006-1009",
      doi            = "10.1103/PhysRevLett.69.1006",
      eprint         = "hep-th/9204046",
      archivePrefix  = "arXiv",
      primaryClass   = "hep-th",
      reportNumber   = "TIFR-TH-92-20",
      SLACcitation   = "%%CITATION = HEP-TH/9204046;%%"
}

@article{Balasubramanian:1998za,
      author         = "Balasubramanian, Vijay and Kastor, David and Traschen,
                        Jennie H. and Win, K. Z.",
      title          = "{The Spin of the M2-brane and spin spin interactions via
                        probe techniques}",
      journal        = "Phys. Rev.",
      volume         = "D59",
      year           = "1999",
      pages          = "084007",
      doi            = "10.1103/PhysRevD.59.084007",
      eprint         = "hep-th/9811037",
      archivePrefix  = "arXiv",
      primaryClass   = "hep-th",
      reportNumber   = "UMHEP-455, HUTP-98-A071",
      SLACcitation   = "%%CITATION = HEP-TH/9811037;%%"
}

@article{Larsen:1999pp,
      author         = "Larsen, Finn",
      title          = "{Rotating Kaluza-Klein black holes}",
      journal        = "Nucl. Phys.",
      volume         = "B575",
      year           = "2000",
      pages          = "211-230",
      doi            = "10.1016/S0550-3213(00)00064-X",
      eprint         = "hep-th/9909102",
      archivePrefix  = "arXiv",
      primaryClass   = "hep-th",
      reportNumber   = "EFI-99-42",
      SLACcitation   = "%%CITATION = HEP-TH/9909102;%%"
}

@article{Ernst:1967wx,
      author         = "Ernst, Frederick J.",
      title          = "{New formulation of the axially symmetric gravitational
                        field problem}",
      journal        = "Phys. Rev.",
      volume         = "167",
      year           = "1968",
      pages          = "1175-1179",
      doi            = "10.1103/PhysRev.167.1175",
      SLACcitation   = "%%CITATION = PHRVA,167,1175;%%"
}

@article{Ernst:1967by,
      author         = "Ernst, Frederick J.",
      title          = "{New Formulation of the Axially Symmetric Gravitational
                        Field Problem. II}",
      journal        = "Phys. Rev.",
      volume         = "168",
      year           = "1968",
      pages          = "1415-1417",
      doi            = "10.1103/PhysRev.168.1415",
      SLACcitation   = "%%CITATION = PHRVA,168,1415;%%"
}

@article{Weyl:1917gp,
      author         = "Weyl, H.",
      title          = "{The theory of gravitation}",
      journal        = "Annalen Phys.",
      volume         = "54",
      year           = "1917",
      pages          = "117-145",
      doi            = "10.1007/s10714-011-1310-7",
      SLACcitation   = "%%CITATION = ANPYA,54,117;%%"
}

@article{Papapetrou:1953zz,
      author         = "Papapetrou, Achille",
      title          = "{Eine rotationssymmetrische losung in der allgemeinen
                        relativitatstheorie}",
      journal        = "Annals Phys.",
      volume         = "12",
      year           = "1953",
      pages          = "309-315",
      SLACcitation   = "%%CITATION = APNYA,12,309;%%"
}



@article{Ardalan:1998ce,
      author         = "Ardalan, F. and Arfaei, H. and Sheikh-Jabbari, M. M.",
      title          = "{Noncommutative geometry from strings and branes}",
      journal        = "JHEP",
      volume         = "02",
      year           = "1999",
      pages          = "016",
      doi            = "10.1088/1126-6708/1999/02/016",
      eprint         = "hep-th/9810072",
      archivePrefix  = "arXiv",
      primaryClass   = "hep-th",
      reportNumber   = "IPM-P-98-19",
      SLACcitation   = "%%CITATION = HEP-TH/9810072;%%"
}

@article{Aliev:2007qi,
      author         = "Aliev, Alikram N.",
      title          = "{Electromagnetic Properties of Kerr-Anti-de Sitter Black
                        Holes}",
      journal        = "Phys. Rev.",
      volume         = "D75",
      year           = "2007",
      pages          = "084041",
      doi            = "10.1103/PhysRevD.75.084041",
      eprint         = "hep-th/0702129",
      archivePrefix  = "arXiv",
      primaryClass   = "hep-th",
      SLACcitation   = "%%CITATION = HEP-TH/0702129;%%"
}

@article{Tomimatsu:1972zz,
      author         = "Tomimatsu, Akira and Sato, Humitaka",
      title          = "{New Exact Solution for the Gravitational Field of a
                        Spinning Mass}",
      journal        = "Phys. Rev. Lett.",
      volume         = "29",
      year           = "1972",
      pages          = "1344-1345",
      doi            = "10.1103/PhysRevLett.29.1344",
      SLACcitation   = "%%CITATION = PRLTA,29,1344;%%"
}

@article{PhysRevD.7.2520,
  title = {Charged Version of Tomimatsu-Sato Spinning-Mass Field},
  author = {Ernst, Frederick J.},
  journal = {Phys. Rev. D},
  volume = {7},
  issue = {8},
  pages = {2520--2521},
  numpages = {0},
  year = {1973},
  month = {Apr},
  publisher = {American Physical Society},
  doi = {10.1103/PhysRevD.7.2520},
  url = {http://link.aps.org/doi/10.1103/PhysRevD.7.2520}
}

